<?xml version="1.0" encoding="UTF-8"?><collection xmlns="http://www.loc.gov/MARC21/slim"><record><leader>00428nam--2200157-i-4500</leader><controlfield tag="001">000009082</controlfield><controlfield tag="002">20161230</controlfield><controlfield tag="005">20170302172926</controlfield><controlfield tag="008">060222s1000------------r-----000-0-eng-d</controlfield><datafield ind1=" " ind2=" " tag="100"><subfield code="a">Byron, Frederick W</subfield></datafield><datafield ind1=" " ind2=" " tag="245"><subfield code="a">Mathematics of classical and quantum physics</subfield></datafield><datafield ind1=" " ind2=" " tag="260"><subfield code="a">Reading/Mass</subfield><subfield code="b">Addison-wesley Publ.Co</subfield><subfield code="c">1969</subfield></datafield><datafield ind1=" " ind2=" " tag="300"><subfield code="a">X + 310 p</subfield></datafield><datafield ind1=" " ind2=" " tag="700"><subfield code="a">Fuller, Robert W</subfield></datafield><datafield ind1=" " ind2=" " tag="852"><subfield code="a">530.145:51</subfield></datafield><datafield ind1=" " ind2=" " tag="CAT"><subfield code="a">SYS</subfield><subfield code="c">20170302</subfield><subfield code="h">172926</subfield></datafield></record></collection>